@article{PanExploiting,
  title={Exploiting Linked Data and Knowledge Graphs in Large Organisations ||},
  author={Pan, Jeff Z. and Vetere, Guido and Gomez-Perez, Jose Manuel and Wu, Honghan},
  volume={10.1007/978-3-319-45654-6},
}

@inproceedings{muppalla2017knowledge,
  title={A knowledge graph framework for detecting traffic events using stationary cameras},
  author={Muppalla, RoopTeja and Lalithsena, Sarasi and Banerjee, Tanvi and Sheth, Amit},
  booktitle={Proceedings of the 2017 ACM on Web Science Conference},
  pages={431--436},
  year={2017}
}

@inproceedings{chen2017crowdgeokg,
  title={Crowdgeokg: Crowdsourced geo-knowledge graph},
  author={Chen, Jiaoyan and Deng, Shumin and Chen, Huajun},
  booktitle={China Conference on Knowledge Graph and Semantic Computing},
  pages={165--172},
  year={2017},
  organization={Springer}
}

@article{wang2019geographic,
  title={Geographic Knowledge Graph (GeoKG): A Formalized Geographic Knowledge Representation},
  author={Wang, Shu and Zhang, Xueying and Ye, Peng and Du, Mi and Lu, Yanxu and Xue, Haonan},
  journal={ISPRS International Journal of Geo-Information},
  volume={8},
  number={4},
  pages={184},
  year={2019},
  publisher={Multidisciplinary Digital Publishing Institute}
}

@article{ji2020survey,
  title={A Survey on Knowledge Graphs: Representation, Acquisition and Applications},
  author={Ji, Shaoxiong and Pan, Shirui and Cambria, Erik and Marttinen, Pekka and Yu, Philip S},
  journal={arXiv preprint arXiv:2002.00388},
  year={2020}
}

@inproceedings{liu2019mmkg,
  title={MMKG: Multi-modal Knowledge Graphs},
  author={Liu, Ye and Li, Hui and Garcia-Duran, Alberto and Niepert, Mathias and Onoro-Rubio, Daniel and Rosenblum, David S},
  booktitle={European Semantic Web Conference},
  pages={459--474},
  year={2019},
  organization={Springer}
}

@article{jin2019recurrent,
  title={Recurrent event network: Global structure inference over temporal knowledge graph},
  author={Jin, Woojeong and Jiang, He and Qu, Meng and Chen, Tong and Zhang, Changlin and Szekely, Pedro and Ren, Xiang},
  journal={arXiv: 1904.05530},
  year={2019}
}

@article{garcia2018learning,
  title={Learning sequence encoders for temporal knowledge graph completion},
  author={Garc{\'\i}a-Dur{\'a}n, Alberto and Duman{\v{c}}i{\'c}, Sebastijan and Niepert, Mathias},
  journal={arXiv preprint arXiv:1809.03202},
  year={2018}
}

@inproceedings{jiang2016towards,
  title={Towards time-aware knowledge graph completion},
  author={Jiang, Tingsong and Liu, Tianyu and Ge, Tao and Sha, Lei and Chang, Baobao and Li, Sujian and Sui, Zhifang},
  booktitle={Proceedings of COLING 2016, the 26th International Conference on Computational Linguistics: Technical Papers},
  pages={1715--1724},
  year={2016}
}

@inproceedings{leblay2018deriving,
  title={Deriving validity time in knowledge graph},
  author={Leblay, Julien and Chekol, Melisachew Wudage},
  booktitle={Companion Proceedings of the The Web Conference 2018},
  pages={1771--1776},
  year={2018}
}

@inproceedings{dasgupta2018hyte,
  title={Hyte: Hyperplane-based temporally aware knowledge graph embedding},
  author={Dasgupta, Shib Sankar and Ray, Swayambhu Nath and Talukdar, Partha},
  booktitle={Proceedings of the 2018 Conference on Empirical Methods in Natural Language Processing},
  pages={2001--2011},
  year={2018}
}

@inproceedings{esteban2016predicting,
  title={Predicting the co-evolution of event and knowledge graphs},
  author={Esteban, Crist{\'o}bal and Tresp, Volker and Yang, Yinchong and Baier, Stephan and Krompa{\ss}, Denis},
  booktitle={2016 19th International Conference on Information Fusion (FUSION)},
  pages={98--105},
  year={2016},
  organization={IEEE}
}

@article{goel2019diachronic,
  title={Diachronic embedding for temporal knowledge graph completion},
  author={Goel, Rishab and Kazemi, Seyed Mehran and Brubaker, Marcus and Poupart, Pascal},
  journal={arXiv preprint arXiv:1907.03143},
  year={2019}
}

@article{赵泽亚2015基于动态异构信息网络的时序关系预测,
  title={基于动态异构信息网络的时序关系预测},
  author={赵泽亚 and 贾岩涛 and 王元卓 and 靳小龙 and 程学旗},
  journal={计算机研究与发展},
  volume={52},
  number={8},
  pages={1735--1741},
  year={2015}
}